@inproceedings{lin2012large,
  title={Large-scale machine learning at twitter},
  author={Lin, Jimmy and Kolcz, Alek},
  booktitle={Proceedings of the 2012 ACM SIGMOD International Conference on Management of Data},
  pages={793--804},
  year={2012},
  organization={ACM}
}

@book{christopher2016pattern,
  title={PATTERN RECOGNITION AND MACHINE LEARNING.},
  author={Christopher, M Bishop},
  year={2016},
  publisher={Springer-Verlag New York}
}

@article{franklin2005elements,
  title={The elements of statistical learning: data mining, inference and prediction},
  author={Franklin, James},
  journal={The Mathematical Intelligencer},
  volume={27},
  number={2},
  pages={83--85},
  year={2005},
  publisher={Springer}
}

@incollection{harrell2001ordinal,
  title={Ordinal logistic regression},
  author={Harrell, Frank E},
  booktitle={Regression modeling strategies},
  pages={331--343},
  year={2001},
  publisher={Springer}
}

@article{halevy2009unreasonable,
  title={The unreasonable effectiveness of data},
  author={Halevy, Alon and Norvig, Peter and Pereira, Fernando},
  journal={IEEE Intelligent Systems},
  volume={24},
  number={2},
  pages={8--12},
  year={2009},
  publisher={IEEE}
}

@article{lin2010data,
  title={Data-intensive text processing with MapReduce},
  author={Lin, Jimmy and Dyer, Chris},
  journal={Synthesis Lectures on Human Language Technologies},
  volume={3},
  number={1},
  pages={1--177},
  year={2010},
  publisher={Morgan \& Claypool Publishers}
}

@inproceedings{banko2001scaling,
  title={Scaling to very very large corpora for natural language disambiguation},
  author={Banko, Michele and Brill, Eric},
  booktitle={Proceedings of the 39th annual meeting on association for computational linguistics},
  pages={26--33},
  year={2001},
  organization={Association for Computational Linguistics}
}

@inproceedings{brants2007large,
  title={Large language models in machine translation},
  author={Brants, Thorsten and Popat, Ashok C and Xu, Peng and Och, Franz J and Dean, Jeffrey},
  booktitle={Proceedings of the 2007 Joint Conference on Empirical Methods in Natural Language Processing and Computational Natural Language Learning (EMNLP-CoNLL)},
  year={2007}
}

@inproceedings{chu2007map,
  title={Map-reduce for machine learning on multicore},
  author={Chu, Cheng-Tao and Kim, Sang K and Lin, Yi-An and Yu, YuanYuan and Bradski, Gary and Olukotun, Kunle and Ng, Andrew Y},
  booktitle={Advances in neural information processing systems},
  pages={281--288},
  year={2007}
}

@article{agarwal2014reliable,
  title={A reliable effective terascale linear learning system},
  author={Agarwal, Alekh and Chapelle, Olivier and Dud{\'\i}k, Miroslav and Langford, John},
  journal={The Journal of Machine Learning Research},
  volume={15},
  number={1},
  pages={1111--1133},
  year={2014},
  publisher={JMLR. org}
}

@article{svore2011large,
  title={Large-scale learning to rank using boosted decision trees},
  author={Svore, Krysta M and Burges, CJ},
  journal={Scaling Up Machine Learning: Parallel and Distributed Approaches},
  volume={2},
  year={2011}
}

@inproceedings{mcdonald2009efficient,
  title={Efficient large-scale distributed training of conditional maximum entropy models},
  author={Mcdonald, Ryan and Mohri, Mehryar and Silberman, Nathan and Walker, Dan and Mann, Gideon S},
  booktitle={Advances in Neural Information Processing Systems},
  pages={1231--1239},
  year={2009}
}

@inproceedings{mcdonald2010distributed,
  title={Distributed training strategies for the structured perceptron},
  author={McDonald, Ryan and Hall, Keith and Mann, Gideon},
  booktitle={Human Language Technologies: The 2010 Annual Conference of the North American Chapter of the Association for Computational Linguistics},
  pages={456--464},
  year={2010},
  organization={Association for Computational Linguistics}
}

@inproceedings{sculley2011detecting,
  title={Detecting adversarial advertisements in the wild},
  author={Sculley, D and Otey, Matthew Eric and Pohl, Michael and Spitznagel, Bridget and Hainsworth, John and Zhou, Yunkai},
  booktitle={Proceedings of the 17th ACM SIGKDD international conference on Knowledge discovery and data mining},
  pages={274--282},
  year={2011},
  organization={ACM}
}

@inproceedings{thusoo2010hive,
  title={Hive-a petabyte scale data warehouse using hadoop},
  author={Thusoo, Ashish and Sarma, Joydeep Sen and Jain, Namit and Shao, Zheng and Chakka, Prasad and Zhang, Ning and Antony, Suresh and Liu, Hao and Murthy, Raghotham},
  booktitle={Data Engineering (ICDE), 2010 IEEE 26th International Conference on},
  pages={996--1005},
  year={2010},
  organization={IEEE}
}

@article{cohen2009mad,
  title={MAD skills: new analysis practices for big data},
  author={Cohen, Jeffrey and Dolan, Brian and Dunlap, Mark and Hellerstein, Joseph M and Welton, Caleb},
  journal={Proceedings of the VLDB Endowment},
  volume={2},
  number={2},
  pages={1481--1492},
  year={2009},
  publisher={VLDB Endowment}
}

@incollection{bottou2010large,
  title={Large-scale machine learning with stochastic gradient descent},
  author={Bottou, L{\'e}on},
  booktitle={Proceedings of COMPSTAT'2010},
  pages={177--186},
  year={2010},
  publisher={Springer}
}

@article{nasrabadi2007pattern,
  title={Pattern recognition and machine learning},
  author={Nasrabadi, Nasser M},
  journal={Journal of electronic imaging},
  volume={16},
  number={4},
  pages={049901},
  year={2007},
  publisher={International Society for Optics and Photonics}
}

@article{ioffe2015batch,
  title={Batch normalization: Accelerating deep network training by reducing internal covariate shift},
  author={Ioffe, Sergey and Szegedy, Christian},
  journal={arXiv preprint arXiv:1502.03167},
  year={2015}
}

@article{dean2008mapreduce,
  title={MapReduce: simplified data processing on large clusters},
  author={Dean, Jeffrey and Ghemawat, Sanjay},
  journal={Communications of the ACM},
  volume={51},
  number={1},
  pages={107--113},
  year={2008},
  publisher={ACM}
}

@inproceedings{shvachko2010hadoop,
  title={The hadoop distributed file system},
  author={Shvachko, Konstantin and Kuang, Hairong and Radia, Sanjay and Chansler, Robert},
  booktitle={Mass storage systems and technologies (MSST), 2010 IEEE 26th symposium on},
  pages={1--10},
  year={2010},
  organization={Ieee}
}

@article{zaharia2010spark,
  title={Spark: Cluster computing with working sets.},
  author={Zaharia, Matei and Chowdhury, Mosharaf and Franklin, Michael J and Shenker, Scott and Stoica, Ion},
  journal={HotCloud},
  volume={10},
  number={10-10},
  pages={95},
  year={2010}
}

@book{witten2016data,
  title={Data Mining: Practical machine learning tools and techniques},
  author={Witten, Ian H and Frank, Eibe and Hall, Mark A and Pal, Christopher J},
  year={2016},
  publisher={Morgan Kaufmann}
}